@mastersthesis{FITMT13353,
    author = "Miroslav Sokol",
    type = "Diplomov\'{a} pr\'{a}ce",
    title = "Online LaTeX editor",
    school = "Vysok\'{e} u\v{c}en\'{i} technick\'{e} v Brn\v{e}, Fakulta informa\v{c}n\'{i}ch technologi\'{i}",
    year = 2012,
    location = "Brno, CZ",
    language = "czech",
    url = "https://www.fit.vut.cz/study/thesis/13353/"
}

@mastersthesis{FITMT13471,
    author = "Anton\'{i}n Kysel\'{a}k",
    type = "Diplomov\'{a} pr\'{a}ce",
    title = "Revizn\'{i} syst\'{e}m pro LaTeX",
    school = "Vysok\'{e} u\v{c}en\'{i} technick\'{e} v Brn\v{e}, Fakulta informa\v{c}n\'{i}ch technologi\'{i}",
    year = 2012,
    location = "Brno, CZ",
    language = "czech",
    url = "https://www.fit.vut.cz/study/thesis/13471/"
}

@article{kopka1995guide,
  title={A Guide to $\{$$\backslash$LaTeX$\}$--Document},
  author={Kopka, H and Daly, PW},
  year={1995},
  publisher={Citeseer},
  journal={Kopka},
}

@article{thummala2007bibliography,
  title={Bibliography Tools in the Context of WWW and LATEX},
  author={Thummala, Munushree},
  year={2007},
  journal={Thummala, Munushree},
}

@article{smith2011introduction,
  title={Introduction to Arduino},
  author={Smith, Alan G},
  journal={Alan G. Smith},
  year={2011}
}

@book{monk2016programming,
  title={Programming Arduino: getting started with sketches},
  author={Monk, Simon},
  year={2016},
  publisher={McGraw-Hill Education}
}

@book{eckel2000myslime,
  title={Mysl{\'\i}me v jazyku C++ 2. d{\'\i}l-knihovna zku{\v{s}}en{\'e}ho program{\'a}tora},
  author={Eckel, Bruce},
  volume={2},
  year={2000},
  publisher={Grada Publishing as}
}

@Misc{Martinek,
	author = {David MARTINEK},
	title = {LaTeXové speciality},
	howpublished = {[online]},
	year = {rev. 25. únor 2010},
	note = {[vid. 2017-04-13]},
	url = {http://www.fit.vutbr.cz/~martinek/latex/index.html},
}
